Chapter 1 - Introduction

@article{Dorigo:2014,
  author    = {Dorigo, M.  and Birattari, M.  and Brambilla, M. },
  title     = {{S}warm robotics},
  year	    = {2014},
  journal	  = {Scholarpedia},
  volume    = {9},
  number    = {1},
  pages     = {1463}}


Chapter 2 - Literature Review
  
@incollection{Sahin:2004,
  author      = {Erol Sahin},
  title       = {Swarm Robotics: From Sources of Inspiration to Domains of Application},
  editor      = {E. Sahin amd W. M. Spears},
  booktitle   = {Swarm Robotics WS 2004},
  publisher   = {Springer},
  address     = {Berlin},
  year        = {2005},
  pages       = {10-20}}
  
@book{Bonabeau:1999,
  author    = {Eric Bonabeau and Marco Dorigo and Guy Theraulaz},
  title     = {Swarm intelligence: From natural to artificial systems},
  publisher = {Oxford University Press},
  year      = {1999},
  isbn      = {0-19-513159-2}}
  
@incollection{Brambilla:2013,
  author      = {Manuele Brambilla and Eliseo Ferrante and Mauro Birattari and Marco Dorigo},
  title       = {Swarm Robotics: a Review from the Swarm Engineering Perspective},
  booktitle   = {Swarm Intelligence},
  publisher   = {Springer},
  year        = {2013}}
  
@article{Kolling:2016,
  author    = {Kolling, A.  and Walker, P.  and Chakraborty, N.  and Sycara, K.  and Lewis, M.},
  title     = {Human Interaction With Robot Swarms: A Survey},
  year	    = {2016},
  journal	  = {IEEE Transactions on Human-Machine Systems},
  volume    = {46},
  number    = {1},
  pages     = {9-26}}
  
@article{Rule:2012,
  author    = {Rule, A.  and Forlizzi, J.},
  title     = {Designing interfaces for multi-user, multi-robot systems},
  year	    = {2012},
  journal	  = {Proceedings of the seventh annual ACM/IEEE international conference on Human-Robot Interaction},
  pages     = {97-104}}
  
@article{Christ:1984,
  author    = {Christ, R. E. },
  title     = {Research for evaluating visual display codes: An emphasis on colour coding},
  year	    = {1984},
  journal	  = {Information design: The design and evaluation of signs and printed materials},
  pages     = {209-228}}
  
@techreport{Carney:1998,
  author        = {Carney, C. and Campbell, J. L.},
  title         = {In vehicle display icons and other information elements: Literature review},
  year	        = {1998},
  institution	  = {U.S. Department of Transportation, Federal Highway Administration},
  pages         = {209-228}}
  
@inproceedings{Podevijn:2012,
  title         = {Self-organised feedback in human swarm interaction},
  author        = {Podevijn, Ga{\"e}tan and Oâ€™Grady, Rehan and Dorigo, Marco},
  booktitle     = {Proceedings of the workshop on robot feedback in human-robot interaction: how to make a robot readable for a human interaction partner (Ro-Man 2012)},
  year          = {2012}}
  
@article{Nguyen:2012,
author          = {Cory Q. Nguyen and Byung-Cheol Min and Eric T. Matson and Anthony H. Smith and J. Eric Dietz and Donghan Kim},
title           = {Using Mobile Robots to Establish Mobile Wireless Mesh Networks and Increase Network Throughput},
journal         = {International Journal of Distributed Sensor Networks},
volume          = {8},
number          = {8},
year            = {2012}}
  
@inproceedings{McLurkin:2006,
  title         = {Speaking Swarmish: Human-Robot Interface Design for Large Swarms of Autonomous Mobile Robots.},
  author        = {McLurkin, James and Smith, Jennifer and Frankel, James and Sotkowitz, David and Blau, David and Schmidt, Brian},
  booktitle     = {AAAI spring symposium: to boldly go where no human-robot team has gone before},
  pages         = {72--75},
  year          = {2006}}
  
@article{Collet:2006,
  author    = {Collet, T. H. J. and MacDonald, A.},
  title     = {An augmented reality Debugging system for mobile robot software engineers},
  year	    = {2006},
  journal	  = {Proceedings 2006 IEEE International Conference on Robotics and Automation},
  pages     = {3954-3959}}
  
@article{Gumbley:2009,
  author    = {Luke Gumbley and Bruce A. MacDonald},
  title     = {Realtime Debugging for Robotics Software},
  year	    = {2009},
  journal	  = {Australasian Conference on Robotics and Automation (ACRA)}}
  
@inbook{Annable:2014,
  author    = {Annable, Brendan and Budden, David and Mendes, Alexandre},
  editor    = {Behnke, Sven and Veloso, Manuela and Visser, Arnoud and Xiong, Rong},
  title     = {NUbugger: A Visual Real-Time Robot Debugging System},
  bookTitle = {RoboCup 2013: Robot World Cup XVII},
  year      = {2014},
  publisher = {Springer Berlin Heidelberg},
  address   = {Berlin, Heidelberg},
  pages     = {544--551}}
  
@article{Azuma:1997,
  author    = {Ronald T. Azuma},
  title     = {A Survey of Augmented Reality},
  year	    = {1997},
  journal	  = {Foundations and Trends nin Human-Computer Interaction},
  volume    = {8},
  number    = {2-3},
  pages     = {73-272}}
  
@misc{HoloLens,
  author       = {Gurmeet Singh Pandher},
  title        = {Microsoft HoloLens Preorders: Price, Specs Of The Augmented Reality Headset},
  howpublished = {\url{https://www.thebitbag.com/microsoft-hololens-preorders-price-specs-of-the-augmented-reality-headset/137410}},
  note         = {Accessed: 2017-05-03}}
  
@article{Billinghurst:2014,
  author    = {Mark Billinghurst Adrian Clark and Gun Lee},
  title     = {A Survey of Augmented Reality},
  year	    = {2014},
  journal	  = {Presence: Teleoperators and Virtual Environments},
  volume    = {6},
  number    = {4},
  pages     = {355-385}}
  
@article{Milgram:1993,
  author    = {Milgram, P.  and Zhai, S.  Drascic, D.  and Grodski, J.},
  title     = {Applications of augmented reality for human-robot communication},
  year	    = {1993},
  journal	  = {Proceedings of the 1993 IEEE/RSJ International Conference on Intelligent Robots and Systems '93, IROS '93.},
  volume    = {3},
  pages     = {1467-1472}}

@article{Ghiringhelli:2014,
  author    = {Ghirighelli, F.  and Guzzi, J.  and Di Caro, G. A.  and Caglioti, V.  and Gambardella, L. M.  and Giusti, A},
  title     = {Interactive Augmented Reality for understanding and analyzing multi-robot systems},
  year	    = {2014},
  journal	  = {2014 IEEE/RSJ International Conference on Intelligent Robots and Systems},
  pages     = {1195-1201}}
  
@article{Garrido:2014,
  author    = {Garrido-Jurado, S.  and Munos-Salinas, R.  and Madrid-Cuevas, F. J.  and Marin-Jimenez, M. J.},
  title     = {Automatic generation and detection of highly reliable fiducial markers under occlusion},
  year      = {2014},
  journal   = {Pattern Recognition},
  volume    = {47},
  number    = {6},
  pages     = {2280-2292}}
  
@inproceedings{Daily:2003,
  author    = {Daily, Mike and Cho, Youngkwan and Martin, Kevin and Payton, Dave},
  title     = {World embedded interfaces for human-robot interaction},
  booktitle = {System Sciences, 2003. Proceedings of the 36th Annual Hawaii International Conference on},
  year      = {2003}}
  
Chapter 5 - E-Puck Platform

@article{epuck,
  author    = {Mondada, F.  and Bonani, M.  and Raemy, X.  and Pugh, J.  and Cianci, C.  amd Klaptocz, A.  and Magnenat, S.  and Zufferey, J.-C.  and Floreano, D.  and Martinoli, A.},
  title     = {The e-puck, a Robot Designed for Education in Engineering},
  year      = {2009},
  journal   = {Proceedings of the 9th Conference on Autonomous Robot Systems and Competitions},
  volume    = {1},
  number    = {1},
  pages     = {59-65}}
  
@article{LinuxExtensionBoard,
  author    = {Liu, W.  and Winfield, A. F. T},
  title     = {Open-hardware e-puck Linux extension board for experimental swarm robotics research},
  journal   = {Microprocessors and Microsystems},
  volume    = {35},
  number    = {1},
  pages     = {60-67},
  year      = {2011}}
  

Chapter 6 - Tracking System

@online{JAIGoCamera,
  author    = {Stemmer Imaging},
  title     = {JAI Go Machine Vision Camera},
  year      = 2014,
  url       = {https://www.stemmer-imaging.co.uk/en/products/series/jai-go/},
  urldate   = {2017-04-29}}

@manual{GigEVision,
  author    = {Stemmer Imaging},
  title     = {GIGE Vision In Practice},
  date      = {2011}}
  
  
Software development tools

@article{VersionControl,
  author    = {O'Sullivan, Bryan},
  title     = {Making Sense of Revision-control Systems},
  journal   = {Commun. ACM},
  volume    = {52},
  number    = {9},
  month     = {sep},
  year      = {2009},
 pages      = {56--62},
 publisher  = {ACM},
 address    = {New York, NY, USA}}
 
@misc{SVCPatent,
  title     = {Version control system for geographically distributed software development},
  author    = {Allen, L.W. and Fernandez, G.L. and Kane, K.P. and Leblang, D.B. and Minard, D.A. and McLean, G.D.},
  url       = {https://www.google.com/patents/US5675802},
  year      = {1997},
  publisher = {Google Patents},
  note      = {US Patent 5,675,802}}
  
@book{ProGit,
  author      = {Chacon, Scott},
  title       = {Pro Git},
  year        = {2009},
  isbn        = {1430218339, 9781430218333},
  edition     = {1st},
  publisher   = {Apress},
  address     = {Berkely, CA, USA}}

@book{Mercurial,
  title       = {Mercurial: The Definitive Guide: The Definitive Guide},
  author      = {O'Sullivan, B.},
  isbn        = {9780596555474},
  series      = {Animal Guide},
  year        = {2009},
  publisher   = {O'Reilly Media}}

@article{Subversion,
  title      = {Version control with subversion},
  author     = {Collins-Sussman, Ben and Fitzpatrick, Brian W and Pilato, C Michael},
  year       = {2002}}
  
@online{Github,
  author    = {Github Inc.},
  title     = {Github: About},
  year      = 2017,
  url       = {https://github.com/about},
  urldate   = {2017-05-11}}
  
@online{QTCreator,
 author     = {The Qt Company Ltd.},
 title      = {Qt Creator Manual},
 year       = {2017},
 note       = {\url{http://doc.qt.io/qtcreator/}},
 urldate    = {2017-05-11}}
 
@online{CLion,
 author     = {JetBrains s.r.o},
 title      = {CLion; A Cross Platform IDE for C and C++},
 year       = {2017},
 note       = {\url{https://www.jetbrains.com/clion/}},
 urldate    = {2017-05-11}}
 
 @online{SublimeText,
 author     = {Jon Simmer},
 title      = {Sublime Text: The Text Editor You'll Fall In Love With},
 year       = {2017},
 note       = {\url{https://www.sublimetext.com/}},
 urldate    = {2017-05-11}}
 
Design

@article{OOP,
  author      = {Armstrong, Deborah J.},
  title       = {The Quarks of Object-oriented Development},
  journal     = {Communications of the ACM - Next-generation cyber forensics},
  issue_date  = {February 2006},
  volume      = {49},
  number      = {2},
  month       = feb,
  year        = {2006},
  pages       = {123--128}}
